<?xml version="1.0" encoding="UTF-8"?><record xmlns="http://www.loc.gov/MARC21/slim" xmlns:cinclude="http://apache.org/cocoon/include/1.0" xmlns:zs="http://www.loc.gov/zing/srw/">
  <leader>00336nz  a2200121n  4500</leader>
  <controlfield tag="001">nr2001014497</controlfield>
  <controlfield tag="003">DLC</controlfield>
  <controlfield tag="005">20010623033108.0</controlfield>
  <controlfield tag="008">010420n| acannaabn          |n aaa     c</controlfield>
  <datafield tag="010" ind1=" " ind2=" ">
    <subfield code="a">nr2001014497</subfield>
  </datafield>
  <datafield tag="040" ind1=" " ind2=" ">
    <subfield code="a">CSt-Law</subfield>
    <subfield code="b">eng</subfield>
    <subfield code="c">CSt-Law</subfield>
  </datafield>
  <datafield tag="100" ind1="1" ind2=" ">
    <subfield code="a">Scheinholtz, Debra F.</subfield>
  </datafield>
  <datafield tag="670" ind1=" " ind2=" ">
    <subfield code="a">Cracking the glass ceiling, c1994:</subfield>
    <subfield code="b">leaf 2 (Debra F. Scheinholtz)</subfield>
  </datafield>
</record>